../../biblio/db/974.bib